
@article{linton_coronavirus_2020,
	title = {Coronavirus Is Proving We Need More Resilient Supply Chains},
	issn = {0017-8012},
	url = {https://hbr.org/2020/03/coronavirus-is-proving-that-we-need-more-resilient-supply-chains},
	abstract = {Despite the impact of disasters like the 2011 earthquake and tsunami in Fukushima, Japan, many multinationals still have not built resilient supply chains. That lesson is being brought home by the coronavirus epidemic, which has disrupted supplies from China and is now spreading to other parts of the world. This article offers advice on how to build supply chains in ways that minimize or avoid risk when disasters occur.},
	journaltitle = {Harvard Business Review},
	author = {Linton, Tom and Vakil, Bindiya},
	urldate = {2023-07-28},
	date = {2020-03-05},
	note = {Section: Operations strategy},
	keywords = {Operations strategy},
	file = {Snapshot:/Users/d067617/Zotero/storage/6BLLT2L5/coronavirus-is-proving-that-we-need-more-resilient-supply-chains.html:text/html},
}

@online{noauthor_lieferanten-risikomanagement_nodate,
	title = {Lieferanten-Risikomanagement in der Automobilindustrie},
	url = {https://www2.deloitte.com/de/de/pages/finance/articles/lieferanten-risikomanagement-studie.html},
	abstract = {Die Studie von Deloitte und der Universit√§t Friedrichshafen untersucht den aktuellen Status des Lieferanten-Risikomanagements im deutschen Automobilsektor.},
	titleaddon = {Deloitte},
	urldate = {2023-07-28},
	langid = {german},
	file = {Snapshot:/Users/d067617/Zotero/storage/PUAH4HLI/lieferanten-risikomanagement-studie.html:text/html},
}

@incollection{toporowski_supplier-relationship-management_2006,
	title = {Supplier-Relationship-Management},
	url = {https://link.springer.com/chapter/10.1007/978-3-8349-9160-7_35},
	abstract = {Vertikale Kooperationen, die das Ziel einer wirtschaftsstufen\&\#252;bergreifenden Optimierung der Supply-Chain verfolgen, haben in den letzten Jahren stark an Bedeutung gewonnen. W\&\#228;hrend urspr\&\#252;nglich die Initiative im gr\&\#246;\&\#223;eren Ma\&\#223;e von der...},
	pages = {759--779},
	booktitle = {Handbuch Handel},
	publisher = {Gabler},
	author = {Toporowski, Waldemar and Zielke, Stephan},
	urldate = {2023-07-28},
	date = {2006},
	langid = {german},
	doi = {10.1007/978-3-8349-9160-7_35},
	file = {Full Text PDF:/Users/d067617/Zotero/storage/4SXU4SWA/Toporowski and Zielke - 2006 - Supplier-Relationship-Management.pdf:application/pdf},
}

@article{conte_supplier_2005,
	title = {Supplier Risk Management},
	volume = {17},
	pages = {745--756},
	number = {12},
	journaltitle = {Controlling},
	author = {Conte, Antonio and Diederichs, Marc},
	date = {2005},
	note = {Publisher: Verlag Franz Vahlen},
	file = {Full Text:/Users/d067617/Zotero/storage/5ZMZZ38Y/Conte and Diederichs - 2005 - Supplier Risk Management.pdf:application/pdf},
}
